@unpublished{designdoc,
    author = "Nihar Niranjan S and Niranjay Ajayan and Nikith T Rajan and Varun Raj R",
    title = "Prison Management System Software Design Document",
    year = "2024",
    note = "Provided in the repo"
}